@inproceedings{Ilyas04,
	author = {Ilyas, Ihab F. and Markl, Volker and Haas, Peter and Brown, Paul and Aboulnaga, Ashraf},
	title = {CORDS: Automatic Discovery of Correlations and Soft Functional Dependencies},
	booktitle = {Proceedings of the 2004 ACM SIGMOD International Conference on Management of Data},
	series = {SIGMOD '04},
	year = {2004},
	isbn = {1-58113-859-8},
	location = {Paris, France},
	pages = {647--658},
	numpages = {12},
	url = {http://doi.acm.org/10.1145/1007568.1007641},
	doi = {10.1145/1007568.1007641},
	acmid = {1007641},
	publisher = {ACM},
	address = {New York, NY, USA},
} 
